<record><leader>00000cas a2200000 a 4500</leader><controlfield tag="001">13416782</controlfield><controlfield tag="007">cr un|||||||||</controlfield><controlfield tag="008">860410c19629999nyuwr ne      0   a0eng c</controlfield><datafield ind1=" " ind2=" " tag="010"><subfield code="a">sn 86058069 </subfield></datafield><datafield ind1=" " ind2=" " tag="040"><subfield code="a">NPI</subfield><subfield code="b">eng</subfield><subfield code="c">NPI</subfield><subfield code="d">NPA</subfield><subfield code="d">NYG</subfield><subfield code="d">KNP</subfield><subfield code="d">NST</subfield><subfield code="d">YOX</subfield><subfield code="d">OCL</subfield><subfield code="d">NYG</subfield><subfield code="d">MFN</subfield><subfield code="d">NST</subfield><subfield code="d">NSD</subfield><subfield code="d">IUL</subfield><subfield code="d">NYS</subfield><subfield code="d">KNP</subfield><subfield code="d">MGN</subfield><subfield code="d">CNK</subfield><subfield code="d">NYS</subfield><subfield code="d">NVF</subfield><subfield code="d">OBN</subfield><subfield code="d">CRL</subfield><subfield code="d">NYS</subfield><subfield code="d">NVF</subfield><subfield code="d">DLC</subfield><subfield code="d">CVF</subfield><subfield code="d">CUS</subfield><subfield code="d">DLC</subfield><subfield code="d">OCL</subfield><subfield code="d">NYS</subfield><subfield code="d">NVK</subfield><subfield code="d">NYS</subfield><subfield code="d">IUL</subfield><subfield code="d">OCLCQ</subfield><subfield code="d">NYS</subfield><subfield code="d">CUS</subfield><subfield code="d">DLC</subfield><subfield code="d">BOS</subfield><subfield code="d">OCLCQ</subfield><subfield code="d">CRL</subfield><subfield code="d">OCLCQ</subfield><subfield code="d">DLC</subfield><subfield code="d">OCLCF</subfield><subfield code="d">DLC</subfield><subfield code="d">OCLCO</subfield></datafield><datafield ind1=" " ind2=" " tag="012"><subfield code="i">9007</subfield><subfield code="l">1</subfield><subfield code="m">1</subfield></datafield><datafield ind1="0" ind2=" " tag="022"><subfield code="a">1059-1818</subfield><subfield code="l">1059-1818</subfield><subfield code="y">0028-7121</subfield><subfield code="2">1</subfield></datafield><datafield ind1="1" ind2=" " tag="029"><subfield code="a">AU@</subfield><subfield code="b">000004602079</subfield></datafield><datafield ind1="1" ind2=" " tag="029"><subfield code="a">NZ1</subfield><subfield code="b">11697505</subfield></datafield><datafield ind1=" " ind2=" " tag="032"><subfield code="a">382600</subfield><subfield code="b">USPS</subfield></datafield><datafield ind1=" " ind2=" " tag="042"><subfield code="a">nsdp</subfield><subfield code="a">pcc</subfield></datafield><datafield ind1=" " ind2=" " tag="043"><subfield code="a">n-us-ny</subfield></datafield><datafield ind1="0" ind2="0" tag="050"><subfield code="a">Newspaper</subfield></datafield><datafield ind1="1" ind2="4" tag="050"><subfield code="a">E185.5</subfield><subfield code="b">.N53</subfield></datafield><datafield ind1="0" ind2=" " tag="130"><subfield code="a">New York Amsterdam news (New York, N.Y. : 1962)</subfield></datafield><datafield ind1="0" ind2=" " tag="210"><subfield code="a">N.Y. Amst. news (1962)</subfield></datafield><datafield ind1=" " ind2="0" tag="222"><subfield code="a">New York Amsterdam news (1962)</subfield></datafield><datafield ind1="1" ind2="0" tag="245"><subfield code="a">New York Amsterdam news.</subfield></datafield><datafield ind1="3" ind2=" " tag="246"><subfield code="a">Brooklyn Amsterdam news</subfield></datafield><datafield ind1="3" ind2=" " tag="246"><subfield code="a">Amsterdam news</subfield></datafield><datafield ind1="3" ind2=" " tag="246"><subfield code="a">N.Y. Amsterdam news</subfield></datafield><datafield ind1=" " ind2=" " tag="260"><subfield code="a">New York, N.Y. :</subfield><subfield code="b">Powell-Savory Corp.</subfield></datafield><datafield ind1=" " ind2=" " tag="300"><subfield code="a">v. :</subfield><subfield code="b">ill. ;</subfield><subfield code="c">39 cm.</subfield></datafield><datafield ind1=" " ind2=" " tag="310"><subfield code="a">Weekly</subfield></datafield><datafield ind1="0" ind2=" " tag="362"><subfield code="a">Vol. 41, no. 30 (May 26, 1962)-</subfield></datafield><datafield ind1=" " ind2=" " tag="500"><subfield code="a">Includes section called: Brooklyn Amsterdam news, 1962-Feb. 12, 1972.</subfield></datafield><datafield ind1=" " ind2=" " tag="500"><subfield code="a">Includes section for Brooklyn, Queens, Westchester and Long Island called: Amsterdam news, Feb. 19, 1972-Jan. 20, 1979.</subfield></datafield><datafield ind1=" " ind2=" " tag="500"><subfield code="a">"The new Black view."</subfield></datafield><datafield ind1=" " ind2=" " tag="530"><subfield code="a">Also issued on microfilm from the New York Public Library and UMI; available by subscription via the World Wide Web; current edition freely available.</subfield></datafield><datafield ind1=" " ind2=" " tag="530"><subfield code="a">Available on microfilm from ProQuest, &lt;2001-&gt;</subfield></datafield><datafield ind1=" " ind2=" " tag="580"><subfield code="a">Merger of: New York Amsterdam news (New York, N.Y. : 1962 : National ed.) and: New York Amsterdam news (New York, N.Y. : 1943 : City ed.).</subfield></datafield><datafield ind1=" " ind2=" " tag="588"><subfield code="a">Latest issue consulted: Vol. 92, no. 45 (Nov. 11/14, 2001).</subfield></datafield><datafield ind1=" " ind2="0" tag="650"><subfield code="a">African Americans</subfield><subfield code="z">New York (State)</subfield><subfield code="v">Newspapers.</subfield></datafield><datafield ind1=" " ind2="0" tag="650"><subfield code="a">African Americans</subfield><subfield code="z">New Jersey</subfield><subfield code="v">Newspapers.</subfield></datafield><datafield ind1=" " ind2="0" tag="651"><subfield code="a">New York (N.Y.)</subfield><subfield code="v">Newspapers.</subfield></datafield><datafield ind1=" " ind2="0" tag="651"><subfield code="a">Brooklyn (New York, N.Y.)</subfield><subfield code="v">Newspapers.</subfield></datafield><datafield ind1=" " ind2="0" tag="651"><subfield code="a">Kings County (N.Y.)</subfield><subfield code="v">Newspapers.</subfield></datafield><datafield ind1=" " ind2="0" tag="651"><subfield code="a">New York County (N.Y.)</subfield><subfield code="v">Newspapers.</subfield></datafield><datafield ind1=" " ind2="7" tag="650"><subfield code="a">African Americans.</subfield><subfield code="2">fast</subfield><subfield code="0">(OCoLC)fst00799558</subfield></datafield><datafield ind1=" " ind2="7" tag="651"><subfield code="a">New Jersey.</subfield><subfield code="2">fast</subfield><subfield code="0">(OCoLC)fst01208379</subfield></datafield><datafield ind1=" " ind2="7" tag="651"><subfield code="a">New York (State)</subfield><subfield code="2">fast</subfield><subfield code="0">(OCoLC)fst01210280</subfield></datafield><datafield ind1=" " ind2="7" tag="651"><subfield code="a">New York (State)</subfield><subfield code="z">Kings County.</subfield><subfield code="2">fast</subfield><subfield code="0">(OCoLC)fst01220099</subfield></datafield><datafield ind1=" " ind2="7" tag="651"><subfield code="a">New York (State)</subfield><subfield code="z">New York.</subfield><subfield code="2">fast</subfield><subfield code="0">(OCoLC)fst01204333</subfield></datafield><datafield ind1=" " ind2="7" tag="651"><subfield code="a">New York (State)</subfield><subfield code="z">New York</subfield><subfield code="z">Brooklyn.</subfield><subfield code="2">fast</subfield><subfield code="0">(OCoLC)fst01312516</subfield></datafield><datafield ind1=" " ind2="7" tag="651"><subfield code="a">New York (State)</subfield><subfield code="z">New York County.</subfield><subfield code="2">fast</subfield><subfield code="0">(OCoLC)fst01234953</subfield></datafield><datafield ind1=" " ind2="7" tag="655"><subfield code="a">Newspapers.</subfield><subfield code="2">fast</subfield><subfield code="0">(OCoLC)fst01423814</subfield></datafield><datafield ind1=" " ind2=" " tag="752"><subfield code="a">United States</subfield><subfield code="b">New York</subfield><subfield code="c">New York</subfield><subfield code="d">New York.</subfield></datafield><datafield ind1="1" ind2=" " tag="776"><subfield code="c">Microfilm</subfield><subfield code="d">UMI</subfield><subfield code="w">(OCoLC)27945742</subfield></datafield><datafield ind1="0" ind2="8" tag="776"><subfield code="i">Online version:</subfield><subfield code="t">New York Amsterdam news (New York, N.Y. : 1962)</subfield><subfield code="w">(DLC)  2013219036</subfield><subfield code="w">(OCoLC)247435085</subfield></datafield><datafield ind1="1" ind2="4" tag="780"><subfield code="t">New York Amsterdam news (New York, N.Y. : 1962 : National Ed.)</subfield><subfield code="w">(OCoLC)13416735</subfield></datafield><datafield ind1="1" ind2="4" tag="780"><subfield code="t">New York Amsterdam news (New York, N.Y. : 1943 : City ed.)</subfield><subfield code="w">(OCoLC)9480575</subfield></datafield><datafield ind1=" " ind2=" " tag="850"><subfield code="a">DLC</subfield><subfield code="a">NcD</subfield></datafield><datafield ind1="4" ind2="1" tag="856"><subfield code="3">Current edition</subfield><subfield code="u">http://bibpurl.oclc.org/web/18896</subfield><subfield code="u">http://www.amsterdamnews.org/News/default.asp</subfield></datafield><datafield ind1="4" ind2="1" tag="856"><subfield code="u">http://www.softlineweb.com/ethnic.htm</subfield></datafield></record>